@inproceedings{gopstein2017understanding,
  title={Understanding misunderstandings in source code},
  author={Gopstein, Dan and Iannacone, Jake and Yan, Yu and DeLong, Lois and Zhuang, Yanyan and Yeh, Martin K-C and Cappos, Justin},
  booktitle={Proceedings of the 2017 11th Joint Meeting on Foundations of Software Engineering},
  pages={129--139},
  year={2017}
}


@inproceedings{yeh2017detecting,
  title={Detecting and comparing brain activity in short program comprehension using EEG},
  author={Yeh, Martin K-C and Gopstein, Dan and Yan, Yu and Zhuang, Yanyan},
  booktitle={2017 IEEE Frontiers in Education Conference (FIE)},
  pages={1--5},
  year={2017},
  organization={IEEE}
}